@misc{bert,
    title = {BERT: Pre-training of Deep Bidirectional Transformers for Language
             Understanding},
    author = {Jacob Devlin and Ming-Wei Chang and Kenton Lee and Kristina
              Toutanova},
    year = {2019},
    eprint = {1810.04805},
    archivePrefix = {arXiv},
    primaryClass = {cs.CL},
}
@misc{attn,
    title = {Attention Is All You Need},
    author = {Ashish Vaswani and Noam Shazeer and Niki Parmar and Jakob
              Uszkoreit and Llion Jones and Aidan N. Gomez and Lukasz Kaiser and
              Illia Polosukhin},
    year = {2023},
    eprint = {1706.03762},
    archivePrefix = {arXiv},
    primaryClass = {cs.CL},
}

